@article{Einstein:1916,
    author = "Einstein, Albert",
    editor = "Hsu, Jong-Ping and Fine, D.",
    title = "{The Foundation of the General Theory of Relativity}",
    journal = "Annalen Phys.",
    volume = "49",
    number = "7",
    pages = "769--822",
    year = "1916"
}

@article{Einstein:1918,
       author = {{Einstein}, Albert},
        title = "{{\"U}ber Gravitationswellen}",
      journal = {Sitzungsberichte der K{\"o}niglich Preu{\ss}ischen Akademie der Wissenschaften (Berlin},
         year = 1918,
        month = jan,
        pages = {154-167},
       adsurl = {https://ui.adsabs.harvard.edu/abs/1918SPAW.......154E},
}

@article{Abbott:2016,
    author = "Abbott, B.P. and others",
    collaboration = "LIGO Scientific, Virgo",
    title = "{Observation of Gravitational Waves from a Binary Black Hole Merger}",
    primaryClass = "gr-qc",
    reportNumber = "LIGO-P150914",
    doi = "10.1103/PhysRevLett.116.061102",
    journal = "Phys. Rev. Lett.",
    volume = "116",
    number = "6",
    pages = "061102",
    year = "2016"
}

@article{Abbott:2017,
  title = {{GW}170104: Observation of a 50-Solar-Mass Binary Black Hole Coalescence at Redshift 0.2},
  author = "Abbott, B.P. and others",
  collaboration = {LIGO Scientific and Virgo Collaboration},
  journal = {Phys. Rev. Lett.},
  volume = {118},
  issue = {22},
  pages = {221101},
  numpages = {17},
  year = {2017},
  month = {Jun},
  publisher = {American Physical Society},
  doi = {10.1103/PhysRevLett.118.221101},
}

@article{Abbott:2017b,
    author = "Abbott, B.P. and others",
    collaboration = {LIGO Scientific and Virgo Collaboration},
	doi = {10.3847/2041-8213/aa9f0c},
	year = 2017,
	month = {dec},
	publisher = {American Astronomical Society},
	volume = {851},
	number = {2},
	pages = {L35},
    title = {{GW}170608: Observation of a 19 Solar-mass Binary Black Hole Coalescence},
	journal = {The Astrophysical Journal},
}

@article{Abbott:2017c,
  title = {{GW}170814: A Three-Detector Observation of Gravitational Waves from a Binary Black Hole Coalescence},
  author = "Abbott, B.P. and others",
  collaboration = {LIGO Scientific and Virgo Collaboration},
  journal = {Phys. Rev. Lett.},
  volume = {119},
  issue = {14},
  pages = {141101},
  numpages = {16},
  year = {2017},
  month = {Oct},
  publisher = {American Physical Society},
  doi = {10.1103/PhysRevLett.119.141101},
}

@article{Abbott:2017d,
  title = {{GW}170817: Observation of Gravitational Waves from a Binary Neutron Star Inspiral},
  author = "Abbott, B.P. and others",
  collaboration = {LIGO Scientific and Virgo Collaboration},
  journal = {Phys. Rev. Lett.},
  volume = {119},
  issue = {16},
  pages = {161101},
  numpages = {18},
  year = {2017},
  month = {Oct},
  publisher = {American Physical Society},
  doi = {10.1103/PhysRevLett.119.161101},
}

@article{Abbott:2017e,
    author = "Abbott, B.P. and others",
    collaboration = {LIGO Scientific and Virgo Collaboration},
	doi = {10.3847/2041-8213/aa920c},
	year = 2017,
	month = {oct},
	publisher = {American Astronomical Society},
	volume = {848},
	number = {2},
	pages = {L13},
	title = {Gravitational Waves and Gamma-Rays from a Binary Neutron Star Merger: {GW}170817 and {GRB}170817A},
	journal = {The Astrophysical Journal},
}

@article{Goldstein:2017,
    author = "Goldstein, A and others",
	doi = {10.3847/2041-8213/aa8f41},
	year = 2017,
	month = {oct},
	publisher = {American Astronomical Society},
	volume = {848},
	number = {2},
	pages = {L14},
	title = {An Ordinary Short Gamma-Ray Burst with Extraordinary Implications: Fermi-{GBM} Detection of {GRB} 170817A},
	journal = {The Astrophysical Journal},
}

@article{Weber:2006,
    author = "Weber, Fridolin and Meixner, Matthew and Negreiros, Rodrigo P. and Malheiro, Manuel",
    editor = "Reinhardt, Joachim and Stoecker, Horst",
    title = "{Ultra-Dense Neutron Star Matter, Strange Quark Stars, and the Nuclear Equation of State}",
    doi = "10.1142/S0218301307006599",
    journal = "Int. J. Mod. Phys. E",
    volume = "16",
    pages = "1165--1180",
    year = "2007"
}


@article{Capozziello:2016,
  title = {Mass-radius relation for neutron stars in $f(R)$ gravity},
  author = {Capozziello, Salvatore and De Laurentis, Mariafelicia and Farinelli, Ruben and Odintsov, Sergei D.},
  journal = {Phys. Rev. D},
  volume = {93},
  issue = {2},
  pages = {023501},
  numpages = {11},
  year = {2016},
  month = {Jan},
  publisher = {American Physical Society},
  doi = {10.1103/PhysRevD.93.023501},
}

@article{KUMAR:2020,
title = "Effects of dark matter on the upper bound mass of neutron stars",
journal = "Physics of the Dark Universe",
volume = "28",
pages = "100507",
year = "2020",
issn = "2212-6864",
doi = "https://doi.org/10.1016/j.dark.2020.100507",
author = "Sandeep S. Kumar and Arun Kenath and C. Sivaram",
}

@article{Hewish:1968,
author = {{Hewish}, A. and {Bell}, S.~J. and {Pilkington}, J.~D.~H. and
{Scott}, P.~F. and {Collins}, R.~A.},
title = {Observation of a Rapidly Pulsating Radio Source},
journal = {nat},
year = 1968,
month = feb,
volume = {217},
number = {5130},
pages = {709-713},
doi = {10.1038/217709a0},
}

@article{Hartle:1977,
author = {{Hartle}, J.~B. and {Sabbadini}, A.~G.},
title = "{The equation of state and bounds on the mass of nonrotating neutron stars.}",
journal = {apj},
year = 1977,
month = may,
volume = {213},
pages = {831-835},
doi = {10.1086/155214},
}

@article{Goldman:1989,
  title = {Weakly interacting massive particles and neutron stars},
  author = {Goldman, Itzhak and Nussinov, Shmuel},
  journal = {Phys. Rev. D},
  volume = {40},
  issue = {10},
  pages = {3221--3230},
  numpages = {0},
  year = {1989},
  month = {Nov},
  publisher = {American Physical Society},
  doi = {10.1103/PhysRevD.40.3221},
}

@article{Woosley:2002,
  title = {The evolution and explosion of massive stars},
  author = {Woosley, S. E. and Heger, A. and Weaver, T. A.},
  journal = {Rev. Mod. Phys.},
  volume = {74},
  issue = {4},
  pages = {1015--1071},
  numpages = {0},
  year = {2002},
  month = {Nov},
  publisher = {American Physical Society},
  doi = {10.1103/RevModPhys.74.1015},
}

@book{Dina:2009,
       author = {{Prialnik}, Dina},
        title = "{An Introduction to the Theory of Stellar Structure and Evolution}",
         year = 2009,
       adsurl = {https://ui.adsabs.harvard.edu/abs/2009itss.book.....P},
}

@article{Sana:2012,
    author = "Sana, H. and de Mink, S.E. and de Koter, A. and Langer, N. and Evans, C.J. and Gieles, M. and Gosset, E. and Izzard, R.G. and Bouquin, J.-B.Le and Schneider, F.R.N.",
    title = "{Binary interaction dominates the evolution of massive stars}",
    doi = "10.1126/science.1223344",
    journal = "Science",
    volume = "337",
    pages = "444",
    year = "2012"
}

@article{Tauris:2017,
	doi = {10.3847/1538-4357/aa7e89},
	year = 2017,
	month = {sep},
	publisher = {American Astronomical Society},
	volume = {846},
	number = {2},
	pages = {170},
	author = {T. M. Tauris and M. Kramer and P. C. C. Freire and N. Wex and H.-T. Janka and N. Langer and Ph. Podsiadlowski and E. Bozzo and S. Chaty and M. U. Kruckow and E. P. J. van den Heuvel and J. Antoniadis and R. P. Breton and D. J. Champion},
	title = {Formation of Double Neutron Star Systems},
	journal = {The Astrophysical Journal},
}

@article{Bondi:1944,
    author = {Bondi, H. and Hoyle, F.},
    title = "{On the Mechanism of Accretion by Stars}",
    journal = {Monthly Notices of the Royal Astronomical Society},
    volume = {104},
    number = {5},
    pages = {273-282},
    year = {1944},
    month = {10},
    issn = {0035-8711},
    doi = {10.1093/mnras/104.5.273},
}


@book{Eggleton:2006,
place={Cambridge}, 
series={Cambridge Astrophysics}, 
title={Evolutionary Processes in Binary and Multiple Stars}, DOI={10.1017/CBO9780511536205}, 
publisher={Cambridge University Press}, 
author={Eggleton, Peter}, 
year={2006}, 
collection={Cambridge Astrophysics}
}

@article{Iben:1993,
	doi = {10.1086/133321},
	year = 1993,
	month = {dec},
	publisher = {{IOP} Publishing},
	volume = {105},
	pages = {1373},
	author = {Icko, Jr. Iben and Mario Livio},
	title = {Common envelopes in binary star evolution},
	journal = {Publications of the Astronomical Society of the Pacific},
}

@article{Ivanova:2013,
    author = {{Ivanova}, N. and {Justham}, S. and {Avendano Nandez}, J.~L. and
    {Lombardi}, J.~C.},
    title = "{Identification of the Long-Sought Common-Envelope Events}",
    journal = {Science},
    year = 2013,
    month = jan,
    volume = {339},
    number = {6118},
    pages = {433},
    doi = {10.1126/science.1225540},
}

@article{Hurley:2002,
    author = {Hurley, Jarrod R. and Tout, Christopher A. and Pols, Onno R.},
    title = "{Evolution of binary stars and the effect of tides on binary populations}",
    journal = {Monthly Notices of the Royal Astronomical Society},
    volume = {329},
    number = {4},
    pages = {897-928},
    year = {2002},
    month = {02},
    doi = {10.1046/j.1365-8711.2002.05038.x},
}

@article{Giacobbo:2017,
    author = {Giacobbo, Nicola and Mapelli, Michela and Spera, Mario},
    title = "{Merging black hole binaries: the effects of progenitor's metallicity, mass-loss rate and Eddington factor}",
    journal = {Monthly Notices of the Royal Astronomical Society},
    volume = {474},
    number = {3},
    pages = {2959-2974},
    year = {2017},
    month = {11},
    doi = {10.1093/mnras/stx2933},
}

@article{Tolman:1939,
  title = {Static Solutions of Einstein's Field Equations for Spheres of Fluid},
  author = {Tolman, Richard C.},
  journal = {Phys. Rev.},
  volume = {55},
  issue = {4},
  pages = {364--373},
  numpages = {0},
  year = {1939},
  month = {Feb},
  publisher = {American Physical Society},
  doi = {10.1103/PhysRev.55.364},
}

@article{Volkoff:1939,
  title = {On Massive Neutron Cores},
  author = {Oppenheimer, J. R. and Volkoff, G. M.},
  journal = {Phys. Rev.},
  volume = {55},
  issue = {4},
  pages = {374--381},
  numpages = {0},
  year = {1939},
  month = {Feb},
  publisher = {American Physical Society},
  doi = {10.1103/PhysRev.55.374},
}

@online{github,
  author = {WASC},
  title = {MOBSE - BNS systems},
  year = 2020,
  url = {https://github.com/andrybicio/MOBSE_BNS},
  urldate = {2020-08-18}
}

@ARTICLE{Fryer:2012,
       author = {{Fryer}, Chris L. and {Belczynski}, Krzysztof and
         {Wiktorowicz}, Grzegorz and {Dominik}, Michal and {Kalogera}, Vicky and
         {Holz}, Daniel E.},
        title = "{Compact Remnant Mass Function: Dependence on the Explosion Mechanism and Metallicity}",
      journal = {apj},
         year = 2012,
        month = apr,
       volume = {749},
       number = {1},
          eid = {91},
        pages = {91},
          doi = {10.1088/0004-637X/749/1/91},

}


@article{Kroupa:2001,
    author = {Kroupa, Pavel},
    title = "{On the variation of the initial mass function}",
    journal = {Monthly Notices of the Royal Astronomical Society},
    volume = {322},
    number = {2},
    pages = {231-246},
    year = {2001},
    month = {04},
    doi = {10.1046/j.1365-8711.2001.04022.x},
}

@ARTICLE{Salpeter:1955,
       author = {{Salpeter}, Edwin E.},
        title = "{The Luminosity Function and Stellar Evolution.}",
      journal = {apj},
         year = 1955,
        month = jan,
       volume = {121},
        pages = {161},
          doi = {10.1086/145971},
       adsurl = {https://ui.adsabs.harvard.edu/abs/1955ApJ...121..161S},
      adsnote = {Provided by the SAO/NASA Astrophysics Data System}
}
